
@article{scikit-image,
    title = {scikit-image: image processing in {P}ython},
    author = {van der Walt, {S}t\'efan and {S}ch\"onberger, {J}ohannes {L}. and
           {Nunez-Iglesias}, {J}uan and {B}oulogne, {F}ran\c{c}ois and {W}arner,
           {J}oshua {D}. and {Y}ager, {N}eil and {G}ouillart, {E}mmanuelle and
           {Y}u, {T}ony and the scikit-image contributors},
    year = {2014},
    month = {6},
    keywords = {Image processing, Reproducible research, Education,
             Visualization, Open source, Python, Scientific programming},
    volume = {2},
    pages = {e453},
    journal = {PeerJ},
    issn = {2167-8359},
    url = {https://doi.org/10.7717/peerj.453},
    doi = {10.7717/peerj.453}
}

@misc{
    clahe,
    title={Contrast Limited adaptive histogram equalization},
    url={https://www.mathworks.com/help/visionhdl/ug/contrast-adaptive-histogram-equalization.html}, 
    journal={Contrast Limited Adaptive Histogram Equalization - MATLAB &amp; Simulink}
} 

@misc{
    https://doi.org/10.48550/arxiv.1511.02992,
    doi = {10.48550/ARXIV.1511.02992},
    url = {https://arxiv.org/abs/1511.02992},
    author = {Haloi, Mrinal},
    keywords = {Computer Vision and Pattern Recognition (cs.CV), FOS: Computer and information sciences, FOS: Computer and information sciences, 68T45},
    title = {Traffic Sign Classification Using Deep Inception Based Convolutional Networks},
    publisher = {arXiv},
    year = {2015},
    copyright = {arXiv.org perpetual, non-exclusive license}
}

@misc{
    creative-commons-2017, 
    title={CC0}, 
    url={https://creativecommons.org/share-your-work/public-domain/cc0/}, 
    journal={Creative Commons}, 
    year={2017},
    month={Jun}
 } 

@article{
    Stallkamp2012,
    title = "Man vs. computer: Benchmarking machine learning algorithms for traffic sign recognition",
    journal = "Neural Networks",
    volume = "",
    number = "0",
    pages = " - ",
    year = "2012",
    note = "",
    issn = "0893-6080",
    doi = "10.1016/j.neunet.2012.02.016",
    url = "http://www.sciencedirect.com/science/article/pii/S0893608012000457",
    author = "J. Stallkamp and M. Schlipsing and J. Salmen and C. Igel",
    keywords = "Traffic sign recognition",
    keywords = "Machine learning",
    keywords = "Convolutional neural networks",
    keywords = "Benchmarking"
}